% Encoding: UTF-8

@article{Keshav2007,
  added-at = {2020-09-06T00:00:00.000+0200},
  author = {Keshav, Srinivasan},
  biburl = {https://www.bibsonomy.org/bibtex/24daa0f37f89b9c7033e5d9866f7817bb/dblp},
  ee = {https://www.wikidata.org/entity/Q59652389},
  interhash = {ef8879cec754d0bf2b341789cdc5db83},
  intrahash = {4daa0f37f89b9c7033e5d9866f7817bb},
  journal = {Comput. Commun. Rev.},
  keywords = {dblp},
  number = 3,
  pages = {83-84},
  timestamp = {2020-09-09T12:19:52.000+0200},
  title = {How to read a paper.},
  url = {http://dblp.uni-trier.de/db/journals/ccr/ccr37.html#Keshav07},
  volume = 37,
  year = 2007
}
